<?xml version="1.0" encoding="UTF-8"?><record xmlns="http://www.loc.gov/MARC21/slim" xmlns:cinclude="http://apache.org/cocoon/include/1.0" xmlns:zs="http://www.loc.gov/zing/srw/">
  <leader>00476nz  a2200133n  4500</leader>
  <controlfield tag="001">n  85303470 </controlfield>
  <controlfield tag="003">DLC</controlfield>
  <controlfield tag="005">19860521174218.3</controlfield>
  <controlfield tag="008">860521n| acannaab|          |a aaa ||| a</controlfield>
  <datafield tag="010" ind1=" " ind2=" ">
    <subfield code="a">n  85303470 </subfield>
  </datafield>
  <datafield tag="040" ind1=" " ind2=" ">
    <subfield code="a">DNAL</subfield>
    <subfield code="c">DLC</subfield>
    <subfield code="d">DLC</subfield>
  </datafield>
  <datafield tag="100" ind1="1" ind2="0">
    <subfield code="a">Legenchenko, B. I.</subfield>
    <subfield code="q">(Boris Ivanovich)</subfield>
  </datafield>
  <datafield tag="400" ind1="1" ind2="0">
    <subfield code="a">Legenchenko, Boris Ivanovich</subfield>
  </datafield>
  <datafield tag="670" ind1=" " ind2=" ">
    <subfield code="a">His Fiziologii︠a︡ i produktivnostʹ rasteniĭ pri impulʹsnom dozhdevanii, 1985:</subfield>
    <subfield code="b">t.p. (B.I. Legenchenko) t.p. verso (Boris Ivanovich Legenchenko)</subfield>
  </datafield>
</record>